@book{Lamport:Book:1989,
 author = {Lamport, Leslie},
 title = {Latex: A Document Preparation System},
 year = {1986},
 isbn = {0-201-15790-X},
 publisher = {Addison-Wesley Longman Publishing Co., Inc.},
 address = {Boston, MA, USA},
}